@article{open2015estimating,
  title={Estimating the reproducibility of psychological science},
  author={{Open Science Collaboration}},
  journal={Science},
  volume={349},
  number={6251},
  year={2015},
  doi={10.1126/science.aac4716},
  publisher={American Association for the Advancement of Science}
}

@article{camerer2018evaluating,
  title={Evaluating the replicability of social science experiments in Nature and Science between 2010 and 2015},
  author={Camerer, Colin F and Dreber, Anna and Holzmeister, Felix and Ho, Teck-Hua and Huber, J{\"u}rgen and Johannesson, Magnus and Kirchler, Michael and Nave, Gideon and Nosek, Brian A and Pfeiffer, Thomas and others},
  journal={Nature Human Behaviour},
  volume={2},
  number={9},
  pages={637--644},
  year={2018},
  doi={10.1038/s41562-018-0399-z},
  publisher={Nature Publishing Group}
}